@string{SP="IEEE Security and Privacy Magazine"}
@string{CODASPY="ACM Conference on Data and Application Security and Privacy"}
@string{ATC="Usenix Annual Technical Conference"}
@string{CSUR="ACM Computing Surveys"}
@string{RTSS="Real-Time Systems Symposium"}
@string{arXiv="arXiv Technical Report"}
@string{LangSec="Language-theoretic Security IEEE Security and Privacy Workshop"}
@string{CCS="ACM Conference on Computer and Communication Security"}
@string{IOTSP="Workshop on the Internet of Things Security and Privacy"}
@string{NDSS="Network and Distributed System Security Symposium"}
@string{ISPASS="International Symposium on Performance Analysis of Systems and Software"}
@string{CCC="Chaos Communication Congress"}
@string{NSPW="New Security Paradigms Workshop"}
@string{BHEU="BlackHat Europe"}
@string{TR="Technical Report"}
@string{PLDI="ACM International Conference on Programming Language Design and Implementation"}
@string{EuroSP="IEEE European Symposium on Security and Privacy"}
@string{SS3P="Open Textbook"}
@string{DIMVA="Conference on Detection of Intrusions and Malware and Vulnerability Assessment"}
@string{ISMM="ACM SIGPLAN International Symposium on Memory Management"}
@string{ESSoS="Int'l. Symp. on Eng. Secure Software and Systems"}
@string{SEC="Usenix Security Symposium"}
@string{IMC="ACM Internet Measurement Conference"}
@string{TSE="IEEE Transactions on Software Engineering"}
@string{CC="International Conference on Compiler Construction"}
@string{STM="International Workshop on Security and Trust Management"}
@string{ArmsRace="The Continuing Arms Race"}
@string{TRB="Transportation Research Board"}
@string{FEAST="Forming an Ecosystem Around Software Transformation"}
@string{DSN="IEEE/IFIP International Conference on Dependable Systems and Networks"}
@string{SyScan360="Symposium on Security for Asia Network + 360"}
@string{BalCCon="Balkan Computer Congress"}
@string{DSAL="AOSD workshop on Domain-Specific Aspect Languages"}
@string{ESORICS="European Symposium on Research in Computer Security"}
@string{WOOT="Usenix Workshop on Offensive Technologies"}
@string{TIFS="IEEE Transactions on Information Forensics and Security"}
@string{HotSWUp="Usenix Workshop on Hot Topics in Software Upgrades"}
@string{AsiaCCS="ACM Symp. on InformAtion, Computer and Communications Security"}
@string{AMAS-BT="Workshop on Architectural and Microarchitectural Support for Binary Translation"}
@string{PPREW="Program Protection and Reverse Engineering Workshop"}
@string{SYSTOR="ACM International Systems and Storage Conference"}
@string{VEE="ACM International Conference on Virtual Execution Environments"}
@string{OSDI="Usenix Symposium on Operating Systems Design and Implementation"}
@string{Oakland="IEEE International Symposium on Security and Privacy"}
@string{PST="IEEE Conference on Privacy, Security, and Trust"}

@inproceedings{dinesh20oakland,
  author = {Sushant Dinesh and Nathan Burow and Dongyan Xu and Mathias Payer},
  title = {{RetroWrite: Statically Instrumenting COTS Binaries for Fuzzing and Sanitization}},
  year = {2020},
  booktitle = Oakland,
  keywords = {conference},
}

@article{repica, title={REPICA: Rewriting Position Independent Code of ARM}, 
	volume={6}, DOI={10.1109/access.2018.2868411}, journal={IEEE Access}, 
	author={Ha, Dongsoo and Jin, Wenhui and Oh, Heekuck}, year={2018}, 
	pages={50488–50509}} 


@article{multiverse, title={Superset Disassembly: Statically Rewriting x86 
	Binaries Without Heuristics}, DOI={10.14722/ndss.2018.23300}, 
journal={Proceedings 2018 Network and Distributed System Security Symposium}, 
author={Bauman, Erick and Lin, Zhiqiang and Hamlen, Kevin W.}, year={2018}}

@article{dyninst, title={An API for Runtime Code Patching}, volume={14}, 
	DOI={10.1177/109434200001400404}, number={4}, journal={The International 
		Journal of High Performance Computing Applications}, author={Buck, 
			Bryan and Hollingsworth, Jeffrey K.}, year={2000}, pages={317–329}} 

@inproceedings{ramblr,
	title={Ramblr: Making Reassembly Great Again.},
	author={Wang, Ruoyu and Shoshitaishvili, Yan and Bianchi, Antonio and 
	Machiry, Aravind and Grosen, John and Grosen, Paul and Kruegel, 
	Christopher and Vigna, Giovanni},
	booktitle={NDSS},
	year={2017}
}

@inproceedings{uroboros,
	title={Reassembleable disassembling},
	author={Wang, Shuai and Wang, Pei and Wu, Dinghao},
	booktitle={24th $\{$USENIX$\}$ Security Symposium ($\{$USENIX$\}$ 
	Security 15)},
	pages={627--642},
	year={2015}
}

@article{binaryrewritingsurvey,
  title={From hack to elaborate technique—a survey on binary rewriting},
  author={Wenzl, Matthias and Merzdovnik, Georg and Ullrich, Johanna and Weippl, Edgar},
  journal={ACM Computing Surveys (CSUR)},
  volume={52},
  number={3},
  pages={1--37},
  year={2019},
  publisher={ACM New York, NY, USA}
}



@inproceedings{mcsema,
  title={Mcsema: Static translation of x86 instructions to llvm},
  author={Dinaburg, Artem and Ruef, Andrew},
  booktitle={ReCon 2014 Conference, Montreal, Canada},
  year={2014}
}



@inproceedings{qasan,
  title={Fuzzing binaries for memory safety errors with QASan},
  author={Fioraldi, Andrea and D’Elia, Daniele Cono and Querzoni, Leonardo},
  booktitle={2020 IEEE Secure Development (SecDev)},
  pages={23--30},
  year={2020},
  organization={IEEE}
}


@article{pin,
  title={Pin: building customized program analysis tools with dynamic instrumentation},
  author={Luk, Chi-Keung and Cohn, Robert and Muth, Robert and Patil, Harish and Klauser, Artur and Lowney, Geoff and Wallace, Steven and Reddi, Vijay Janapa and Hazelwood, Kim},
  journal={Acm sigplan notices},
  volume={40},
  number={6},
  pages={190--200},
  year={2005},
  publisher={ACM New York, NY, USA}
}



@article{valgrind,
  title={Valgrind: a framework for heavyweight dynamic binary instrumentation},
  author={Nethercote, Nicholas and Seward, Julian},
  journal={ACM Sigplan notices},
  volume={42},
  number={6},
  pages={89--100},
  year={2007},
  publisher={ACM New York, NY, USA}
}


@inproceedings{e9patch,
  title={Binary rewriting without control flow recovery.},
  author={Duck, Gregory J and Gao, Xiang and Roychoudhury, Abhik},
  booktitle={PLDI},
  pages={151--163},
  year={2020}
}


@inproceedings{bistro,
  title={Bistro: Binary component extraction and embedding for software security applications},
  author={Deng, Zhui and Zhang, Xiangyu and Xu, Dongyan},
  booktitle={European Symposium on Research in Computer Security},
  pages={200--218},
  year={2013},
  organization={Springer}
}


@inproceedings{larus,
  title={EEL: Machine-independent executable editing},
  author={Larus, James R and Schnarr, Eric},
  booktitle={Proceedings of the ACM SIGPLAN 1995 conference on Programming language design and implementation},
  pages={291--300},
  year={1995}
}


@inproceedings{qemu,
  title={QEMU, a fast and portable dynamic translator.},
  author={Bellard, Fabrice},
  booktitle={USENIX Annual Technical Conference, FREENIX Track},
  volume={41},
  pages={46},
  year={2005}
}


@misc{afl,
	title = {{American} Fuzzy Lop},
	author={M. Zalewski},
	howpublished = {\url{http://lcamtuf.coredump.cx/afl/}},
	note = {Accessed: 2020-11-03}
}


@inproceedings{stackguard,
  title={Stackguard: Automatic adaptive detection and prevention of buffer-overflow attacks.},
  author={Cowan, Crispan and Pu, Calton and Maier, Dave and Walpole, Jonathan and Bakke, Peat and Beattie, Steve and Grier, Aaron and Wagle, Perry and Zhang, Qian and Hinton, Heather},
  booktitle={USENIX security symposium},
  volume={98},
  pages={63--78},
  year={1998},
  organization={San Antonio, TX}
}


@article{dynamo,
  title={Transparent dynamic optimization: The design and implementation of Dynamo},
  author={Bala, Vasanth and Duesterwald, Evelyn and Banerjia, Sanjeev},
  year={1999}
}



@inproceedings{strata,
  title={Retargetable and reconfigurable software dynamic translation},
  author={Scott, Kevin and Kumar, Naveen and Velusamy, Siva and Childers, Bruce and Davidson, Jack W and Soffa, Mary Lou},
  booktitle={International Symposium on Code Generation and Optimization, 2003. CGO 2003.},
  pages={36--47},
  year={2003},
  organization={IEEE}
}



@misc{asanoverhead,
	title = {Hardware Memory Tagging to make C\_C++ memory safe},
	author={Konstantin Serebryany},
	howpublished = 
	 {\url{https://github.com/google/sanitizers/blob/master/hwaddress-sanitizer/Hardware\%20Memory\%20Tagging\%20to\%20make\%20C\_C++\%20memory\%20safe(r)\%20-\%20iSecCon\%202018.pdf}},
	note = {Accessed: 2020-11-03}
}

@misc{capstone,
	title = {Capstone: The Ultimate Disassembler},
	author={},
	howpublished = {\url{http://www.capstone\-engine.org}},
	note = {Accessed: 2020-11-02}
}

@misc{statista,
	title = {Global market share held by mobile operating systems},
	author={},
	howpublished = 
	 {\url{https://www.statista.com/statistics/272698/global-market-share-held-by-mobile-operating-systems-since-2009/}},
	note = {Accessed: 2020-11-01}
}

@misc{literalpools,
	title = {Literal Pools - The ARM documentation},
	howpublished = 
	 {\url{https://developer.arm.com/documentation/dui0473/m/writing-arm-assembly-language/literal-pools}},
	note = {Accessed: 2020-11-11}
}

@misc{pointeroptimizations,
	title = {Cortex A72 Software Optimization Guide},
	howpublished = {\url{https://developer.arm.com/documentation/uan0016/a/}},
	note = {Accessed: 2020-11-11}
}

@misc{androidclosed,
	title = {Kernel Module Support },
	howpublished = {\url{https://source.android.com/devices/architecture/kernel/kernel-module-support}},
	note = {Accessed: 2020-11-16}
}


@article{honggfuzz,
  title={Honggfuzz: A general-purpose, easy-to-use fuzzer with interesting analysis options},
  author={Swiecki, Robert},
  journal={URl: https://github. com/google/honggfuzz (visited on 06/21/2017)},
  year={2017}
}
