@string{SP="IEEE Security and Privacy Magazine"}
@string{CODASPY="ACM Conference on Data and Application Security and Privacy"}
@string{ATC="Usenix Annual Technical Conference"}
@string{CSUR="ACM Computing Surveys"}
@string{RTSS="Real-Time Systems Symposium"}
@string{arXiv="arXiv Technical Report"}
@string{LangSec="Language-theoretic Security IEEE Security and Privacy Workshop"}
@string{CCS="ACM Conference on Computer and Communication Security"}
@string{IOTSP="Workshop on the Internet of Things Security and Privacy"}
@string{NDSS="Network and Distributed System Security Symposium"}
@string{ISPASS="International Symposium on Performance Analysis of Systems and Software"}
@string{CCC="Chaos Communication Congress"}
@string{NSPW="New Security Paradigms Workshop"}
@string{BHEU="BlackHat Europe"}
@string{TR="Technical Report"}
@string{PLDI="ACM International Conference on Programming Language Design and Implementation"}
@string{EuroSP="IEEE European Symposium on Security and Privacy"}
@string{SS3P="Open Textbook"}
@string{DIMVA="Conference on Detection of Intrusions and Malware and Vulnerability Assessment"}
@string{ISMM="ACM SIGPLAN International Symposium on Memory Management"}
@string{ESSoS="Int'l. Symp. on Eng. Secure Software and Systems"}
@string{SEC="Usenix Security Symposium"}
@string{IMC="ACM Internet Measurement Conference"}
@string{TSE="IEEE Transactions on Software Engineering"}
@string{CC="International Conference on Compiler Construction"}
@string{STM="International Workshop on Security and Trust Management"}
@string{ArmsRace="The Continuing Arms Race"}
@string{TRB="Transportation Research Board"}
@string{FEAST="Forming an Ecosystem Around Software Transformation"}
@string{DSN="IEEE/IFIP International Conference on Dependable Systems and Networks"}
@string{SyScan360="Symposium on Security for Asia Network + 360"}
@string{BalCCon="Balkan Computer Congress"}
@string{DSAL="AOSD workshop on Domain-Specific Aspect Languages"}
@string{ESORICS="European Symposium on Research in Computer Security"}
@string{WOOT="Usenix Workshop on Offensive Technologies"}
@string{TIFS="IEEE Transactions on Information Forensics and Security"}
@string{HotSWUp="Usenix Workshop on Hot Topics in Software Upgrades"}
@string{AsiaCCS="ACM Symp. on InformAtion, Computer and Communications Security"}
@string{AMAS-BT="Workshop on Architectural and Microarchitectural Support for Binary Translation"}
@string{PPREW="Program Protection and Reverse Engineering Workshop"}
@string{SYSTOR="ACM International Systems and Storage Conference"}
@string{VEE="ACM International Conference on Virtual Execution Environments"}
@string{OSDI="Usenix Symposium on Operating Systems Design and Implementation"}
@string{Oakland="IEEE International Symposium on Security and Privacy"}
@string{PST="IEEE Conference on Privacy, Security, and Trust"}

@inproceedings{dinesh20oakland,
  author = {Sushant Dinesh and Nathan Burow and Dongyan Xu and Mathias Payer},
  title = {{RetroWrite: Statically Instrumenting COTS Binaries for Fuzzing and Sanitization}},
  year = {2020},
  booktitle = Oakland,
  keywords = {conference},
}

@article{repica, title={REPICA: Rewriting Position Independent Code of ARM}, 
	volume={6}, DOI={10.1109/access.2018.2868411}, journal={IEEE Access}, 
	author={Ha, Dongsoo and Jin, Wenhui and Oh, Heekuck}, year={2018}, 
	pages={50488–50509}} 


@article{multiverse, title={Superset Disassembly: Statically Rewriting x86 
	Binaries Without Heuristics}, DOI={10.14722/ndss.2018.23300}, 
journal={Proceedings 2018 Network and Distributed System Security Symposium}, 
author={Bauman, Erick and Lin, Zhiqiang and Hamlen, Kevin W.}, year={2018}}

@article{dyninst, title={An API for Runtime Code Patching}, volume={14}, 
	DOI={10.1177/109434200001400404}, number={4}, journal={The International 
		Journal of High Performance Computing Applications}, author={Buck, 
			Bryan and Hollingsworth, Jeffrey K.}, year={2000}, pages={317–329}} 

@inproceedings{ramblr,
	title={Ramblr: Making Reassembly Great Again.},
	author={Wang, Ruoyu and Shoshitaishvili, Yan and Bianchi, Antonio and 
	Machiry, Aravind and Grosen, John and Grosen, Paul and Kruegel, 
	Christopher and Vigna, Giovanni},
	booktitle={NDSS},
	year={2017}
}

@inproceedings{uroboros,
	title={Reassembleable disassembling},
	author={Wang, Shuai and Wang, Pei and Wu, Dinghao},
	booktitle={24th $\{$USENIX$\}$ Security Symposium ($\{$USENIX$\}$ 
	Security 15)},
	pages={627--642},
	year={2015}
}

@article{binaryrewritingsurvey,
  title={From hack to elaborate technique—a survey on binary rewriting},
  author={Wenzl, Matthias and Merzdovnik, Georg and Ullrich, Johanna and Weippl, Edgar},
  journal={ACM Computing Surveys (CSUR)},
  volume={52},
  number={3},
  pages={1--37},
  year={2019},
  publisher={ACM New York, NY, USA}
}
